% ---------------- SCF method  and numerical methods -----------------------

@ARTICLE{Hernquist92,
   author = {{Hernquist}, L. and {Ostriker}, J.~P.},
    title = "{A self-consistent field method for galactic dynamics}",
  journal = {\apj},
 keywords = {Celestial Mechanics, Computational Astrophysics,
Galaxies, Stellar Motions, Algorithms, Astronomical Models, Dynamical
Systems, Numerical Analysis},
     year = 1992,
    month = feb,
   volume = 386,
    pages = {375-397},
      doi = {10.1086/171025},
   adsurl = {http://adsabs.harvard.edu/abs/1992ApJ...386..375H},
  adsnote = {Provided by the SAO/NASA Astrophysics Data System}
}

@ARTICLE{Weinberg95,
   author = {{Weinberg}, M.~D.},
    title = "{Production of Milky Way Structure by the Magellanic
Clouds}",
  journal = {\apjl},
   eprint = {astro-ph/9507071},
 keywords = {GALAXY: HALO, GALAXY: STRUCTURE, GALAXIES: HALOS,
GALAXIES: KINEMATICS AND DYNAMICS, GALAXIES: MAGELLANIC CLOUDS},
     year = 1995,
    month = dec,
   volume = 455,
    pages = {L31},
      doi = {10.1086/309803},
   adsurl = {http://adsabs.harvard.edu/abs/1995ApJ...455L..31W},
  adsnote = {Provided by the SAO/NASA Astrophysics Data System}
}


@ARTICLE{Weinberg98a,
   author = {{Weinberg}, M.~D.},
    title = "{Fluctuations in finite-N equilibrium stellar systems}",
  journal = {\mnras},
   eprint = {astro-ph/9707206},
 keywords = {GRAVITATION, METHODS: NUMERICAL, METHODS: STATISTICAL,
CELESTIAL MECHANICS, STELLAR DYNAMICS, GALAXIES: EVOLUTION, GALAXIES:
KINEMATICS AND DYNAMICS},
     year = 1998,
    month = jun,
   volume = 297,
    pages = {101-107},
      doi = {10.1046/j.1365-8711.1998.01456.x},
   adsurl = {http://adsabs.harvard.edu/abs/1998MNRAS.297..101W},
  adsnote = {Provided by the SAO/NASA Astrophysics Data System}
}


@ARTICLE{Weinberg98b,
   author = {{Weinberg}, M.~D.},
    title = "{Dynamics of an interacting luminous disc, dark halo and
satellite companion}",
  journal = {\mnras},
 keywords = {GALAXY: HALO, GALAXY: STRUCTURE, GALAXIES: HALOES,
GALAXIES: KINEMATICS AND DYNAMICS, MAGELLANIC CLOUDS},
     year = 1998,
    month = sep,
   volume = 299,
    pages = {499-514},
      doi = {10.1046/j.1365-8711.1998.01790.x},
   adsurl = {http://adsabs.harvard.edu/abs/1998MNRAS.299..499W},
  adsnote = {Provided by the SAO/NASA Astrophysics Data System}
}


@ARTICLE{Springel05,
   author = {{Springel}, V.},
    title = "{The cosmological simulation code GADGET-2}",
  journal = {\mnras},
   eprint = {astro-ph/0505010},
 keywords = {methods: numerical, galaxies: interactions, dark matter},
     year = 2005,
    month = dec,
   volume = 364,
    pages = {1105-1134},
      doi = {10.1111/j.1365-2966.2005.09655.x},
   adsurl = {http://adsabs.harvard.edu/abs/2005MNRAS.364.1105S},
  adsnote = {Provided by the SAO/NASA Astrophysics Data System}
}


@ARTICLE{Athanassoula00,
   author = {{Athanassoula}, E. and {Fady}, E. and {Lambert}, J.~C.
and {Bosma}, A.
	},
    title = "{Optimal softening for force calculations in
collisionless N-body simulations}",
  journal = {\mnras},
   eprint = {astro-ph/9912467},
 keywords = {METHODS: NUMERICAL, GALAXIES: KINEMATICS AND DYNAMICS,
GALAXIES: STRUCTURE},
     year = 2000,
    month = may,
   volume = 314,
    pages = {475-488},
      doi = {10.1046/j.1365-8711.2000.03316.x},
   adsurl = {http://adsabs.harvard.edu/abs/2000MNRAS.314..475A},
  adsnote = {Provided by the SAO/NASA Astrophysics Data System}
}




%-------------------   MW & LMC models --------------------------------

@ARTICLE{Besla16,
   author = {{Besla}, G. and {Mart{\'{\i}}nez-Delgado}, D. and {van
der Marel}, R.~P. and 
	{Beletsky}, Y. and {Seibert}, M. and {Schlafly}, E.~F. and
{Grebel}, E.~K. and 
	{Neyer}, F.},
    title = "{Low Surface Brightness Imaging of the Magellanic System:
Imprints of Tidal Interactions between the Clouds in the Stellar
Periphery}",
  journal = {\apj},
archivePrefix = "arXiv",
   eprint = {1602.04222},
 keywords = {galaxies: dwarf, galaxies: interactions, Galaxy:
kinematics and dynamics, Magellanic Clouds},
     year = 2016,
    month = jul,
   volume = 825,
      eid = {20},
    pages = {20},
      doi = {10.3847/0004-637X/825/1/20},
   adsurl = {http://adsabs.harvard.edu/abs/2016ApJ...825...20B},
  adsnote = {Provided by the SAO/NASA Astrophysics Data System}
}


@ARTICLE{Penarrubia16,
   author = {{Pe{\~n}arrubia}, J. and {G{\'o}mez}, F.~A. and {Besla},
G. and 
	{Erkal}, D. and {Ma}, Y.-Z.},
    title = "{A timing constraint on the (total) mass of the Large
Magellanic Cloud}",
  journal = {\mnras},
archivePrefix = "arXiv",
   eprint = {1507.03594},
 keywords = {Galaxy: kinematics and dynamics, galaxies: evolution},
     year = 2016,
    month = feb,
   volume = 456,
    pages = {L54-L58},
      doi = {10.1093/mnrasl/slv160},
   adsurl = {http://adsabs.harvard.edu/abs/2016MNRAS.456L..54P},
  adsnote = {Provided by the SAO/NASA Astrophysics Data System}
}

@ARTICLE{Gomez15,
   author = {{G{\'o}mez}, F.~A. and {Besla}, G. and {Carpintero},
D.~D. and 
	{Villalobos}, {\'A}. and {O'Shea}, B.~W. and {Bell}, E.~F.},
    title = "{And Yet it Moves: The Dangers of Artificially Fixing the
Milky Way Center of Mass in the Presence of a Massive Large Magellanic
Cloud}",
  journal = {\apj},
archivePrefix = "arXiv",
   eprint = {1408.4128},
 keywords = {galaxies: formation, Galaxy: formation, Galaxy: halo,
methods: analytical, methods: numerical, methods: statistical},
     year = 2015,
    month = apr,
   volume = 802,
      eid = {128},
    pages = {128},
      doi = {10.1088/0004-637X/802/2/128},
   adsurl = {http://adsabs.harvard.edu/abs/2015ApJ...802..128G},
  adsnote = {Provided by the SAO/NASA Astrophysics Data System}
}



@ARTICLE{Besla07,
   author = {{Besla}, G. and {Kallivayalil}, N. and {Hernquist}, L.
and {Robertson}, B. and 
	{Cox}, T.~J. and {van der Marel}, R.~P. and {Alcock}, C.},
    title = "{Are the Magellanic Clouds on Their First Passage about
the Milky Way?}",
  journal = {\apj},
   eprint = {astro-ph/0703196},
 keywords = {Galaxies: Evolution, Galaxies: Interactions, Galaxies:
Kinematics and Dynamics, Galaxy: Structure, Galaxies: Magellanic
Clouds},
     year = 2007,
    month = oct,
   volume = 668,
    pages = {949-967},
      doi = {10.1086/521385},
   adsurl = {http://adsabs.harvard.edu/abs/2007ApJ...668..949B},
  adsnote = {Provided by the SAO/NASA Astrophysics Data System}
}
@ARTICLE{Besla10,
   author = {{Besla}, G. and {Kallivayalil}, N. and {Hernquist}, L.
and {van der Marel}, R.~P. and 
	{Cox}, T.~J. and {Kere{\v s}}, D.},
    title = "{Simulations of the Magellanic Stream in a First Infall
Scenario}",
  journal = {\apjl},
archivePrefix = "arXiv",
   eprint = {1008.2210},
 keywords = {galaxies: halos, galaxies: individual: Magellanic Clouds,
galaxies: kinematics and dynamics},
     year = 2010,
    month = oct,
   volume = 721,
    pages = {L97-L101},
      doi = {10.1088/2041-8205/721/2/L97},
   adsurl = {http://adsabs.harvard.edu/abs/2010ApJ...721L..97B},
  adsnote = {Provided by the SAO/NASA Astrophysics Data System}
}




% anlytic orbits modelling 

@ARTICLE{Chandrasekhar43,
   author = {{Chandrasekhar}, S.},
    title = "{Dynamical Friction. I. General Considerations: the
Coefficient of Dynamical Friction.}",
  journal = {\apj},
     year = 1943,
    month = mar,
   volume = 97,
    pages = {255},
      doi = {10.1086/144517},
   adsurl = {http://adsabs.harvard.edu/abs/1943ApJ....97..255C},
  adsnote = {Provided by the SAO/NASA Astrophysics Data System}
}


%---------------------  Dynamical tracers -----------------------------


@ARTICLE{Boylan-Kolchin13,
   author = {{Boylan-Kolchin}, M. and {Bullock}, J.~S. and {Sohn},
S.~T. and 
	{Besla}, G. and {van der Marel}, R.~P.},
    title = "{The Space Motion of Leo I: The Mass of the Milky Way's
Dark Matter Halo}",
  journal = {\apj},
archivePrefix = "arXiv",
   eprint = {1210.6046},
 primaryClass = "astro-ph.CO",
 keywords = {galaxies: individual: Leo I, Galaxy: fundamental
parameters, Galaxy: halo, Galaxy: kinematics and dynamics, methods:
statistical},
     year = 2013,
    month = may,
   volume = 768,
      eid = {140},
    pages = {140},
      doi = {10.1088/0004-637X/768/2/140},
   adsurl = {http://adsabs.harvard.edu/abs/2013ApJ...768..140B},
  adsnote = {Provided by the SAO/NASA Astrophysics Data System}
}



%-------------------------- MW Halo shape 


@ARTICLE{Vera-Ciro13,
   author = {{Vera-Ciro}, C. and {Helmi}, A.},
    title = "{Constraints on the Shape of the Milky Way Dark Matter
Halo from the Sagittarius Stream}",
  journal = {\apjl},
archivePrefix = "arXiv",
   eprint = {1304.4646},
 keywords = {galaxies: dwarf, galaxies: interactions, Galaxy: halo,
Local Group },
     year = 2013,
    month = aug,
   volume = 773,
      eid = {L4},
    pages = {L4},
      doi = {10.1088/2041-8205/773/1/L4},
   adsurl = {http://adsabs.harvard.edu/abs/2013ApJ...773L...4V},
  adsnote = {Provided by the SAO/NASA Astrophysics Data System}
}


@ARTICLE{Vera-Ciro11,
   author = {{Vera-Ciro}, C.~A. and {Sales}, L.~V. and {Helmi}, A. and
{Frenk}, C.~S. and 
	{Navarro}, J.~F. and {Springel}, V. and {Vogelsberger}, M. and 
	{White}, S.~D.~M.},
    title = "{The shape of dark matter haloes in the Aquarius
simulations: evolution and memory}",
  journal = {\mnras},
archivePrefix = "arXiv",
   eprint = {1104.1566},
 keywords = {galaxies: evolution, galaxies: formation, galaxies:
haloes, dark matter},
     year = 2011,
    month = sep,
   volume = 416,
    pages = {1377-1391},
      doi = {10.1111/j.1365-2966.2011.19134.x},
   adsurl = {http://adsabs.harvard.edu/abs/2011MNRAS.416.1377V},
  adsnote = {Provided by the SAO/NASA Astrophysics Data System}
}


% ------------------- Streams 


@ARTICLE{Bonaca14,
   author = {{Bonaca}, A. and {Geha}, M. and {K{\"u}pper}, A.~H.~W.
and {Diemand}, J. and 
	{Johnston}, K.~V. and {Hogg}, D.~W.},
    title = "{Milky Way Mass and Potential Recovery Using Tidal
Streams in a Realistic Halo}",
  journal = {\apj},
archivePrefix = "arXiv",
   eprint = {1406.6063},
 keywords = {dark matter, Galaxy: halo, Galaxy: structure},
     year = 2014,
    month = nov,
   volume = 795,
      eid = {94},
    pages = {94},
      doi = {10.1088/0004-637X/795/1/94},
   adsurl = {http://adsabs.harvard.edu/abs/2014ApJ...795...94B},
  adsnote = {Provided by the SAO/NASA Astrophysics Data System}
}


@ARTICLE{Belokurov06,
   author = {{Belokurov}, V. and {Zucker}, D.~B. and {Evans}, N.~W.
and {Gilmore}, G. and 
	{Vidrih}, S. and {Bramich}, D.~M. and {Newberg}, H.~J. and {Wyse},
R.~F.~G. and 
	{Irwin}, M.~J. and {Fellhauer}, M. and {Hewett}, P.~C. and
{Walton}, N.~A. and 
	{Wilkinson}, M.~I. and {Cole}, N. and {Yanny}, B. and {Rockosi},
C.~M. and 
	{Beers}, T.~C. and {Bell}, E.~F. and {Brinkmann}, J. and
{Ivezi{\'c}}, {\v Z}. and 
	{Lupton}, R.},
    title = "{The Field of Streams: Sagittarius and Its Siblings}",
  journal = {\apjl},
   eprint = {astro-ph/0605025},
 keywords = {Galaxies: Individual: Name: Sagittarius dSph, Galaxies:
Kinematics and Dynamics, Galaxies: Structure, Galaxy: Halo, Galaxies:
Local Group},
     year = 2006,
    month = may,
   volume = 642,
    pages = {L137-L140},
      doi = {10.1086/504797},
   adsurl = {http://adsabs.harvard.edu/abs/2006ApJ...642L.137B},
  adsnote = {Provided by the SAO/NASA Astrophysics Data System}
}


% Sagittarius stream

@ARTICLE{Belokurov14,
   author = {{Belokurov}, V. and {Koposov}, S.~E. and {Evans}, N.~W.
and 
	{Pe{\~n}arrubia}, J. and {Irwin}, M.~J. and {Smith}, M.~C. and 
	{Lewis}, G.~F. and {Gieles}, M. and {Wilkinson}, M.~I. and
{Gilmore}, G. and 
	{Olszewski}, E.~W. and {Niederste-Ostholt}, M.},
    title = "{Precession of the Sagittarius stream}",
  journal = {\mnras},
archivePrefix = "arXiv",
   eprint = {1301.7069},
 primaryClass = "astro-ph.GA",
 keywords = {blue stragglers, stars: carbon, stars: horizontal branch,
Galaxy: fundamental parameters, Galaxy: halo, Galaxy: kinematics and
dynamics},
     year = 2014,
    month = jan,
   volume = 437,
    pages = {116-131},
      doi = {10.1093/mnras/stt1862},
   adsurl = {http://adsabs.harvard.edu/abs/2014MNRAS.437..116B},
  adsnote = {Provided by the SAO/NASA Astrophysics Data System}
}
