@BOOK{BinneyTremaine08,
   author = {{Binney}, J. and {Tremaine}, S.},
    title = "{Galactic Dynamics: Second Edition}",
booktitle = {Galactic Dynamics: Second Edition, by James Binney and Scott Tremaine.~ISBN 978-0-691-13026-2 (HB).~Published by Princeton University Press, Princeton, NJ USA, 2008.},
     year = 2008,
publisher = {Princeton University Press},
   adsurl = {http://adsabs.harvard.edu/abs/2008gady.book.....B},
  adsnote = {Provided by the SAO/NASA Astrophysics Data System}
}


@ARTICLE{BryanNorman98,
	author = {{Bryan}, G.~L. and {Norman}, M.~L.},
	title = "{Statistical Properties of X-Ray Clusters: Analytic and Numerical Comparisons}",
	journal = {\apj},
	eprint = {astro-ph/9710107},
	keywords = {GALAXIES: CLUSTERS: GENERAL, METHODS: NUMERICAL, X-RAYS: GALAXIES, Galaxies: Clusters: General, Methods: Numerical, X-Rays: Galaxies},
	year = 1998,
	month = mar,
	volume = 495,
	pages = {80-99},
	doi = {10.1086/305262},
	adsurl = {http://adsabs.harvard.edu/abs/1998ApJ...495...80B},
	adsnote = {Provided by the SAO/NASA Astrophysics Data System}
}


@ARTICLE{EkeColeFrenk96,
   author = {{Eke}, V.~R. and {Cole}, S. and {Frenk}, C.~S.},
    title = "{Cluster evolution as a diagnostic for Omega}",
  journal = {\mnras},
   eprint = {astro-ph/9601088},
     year = 1996,
    month = sep,
   volume = 282,
    pages = {263-280},
   adsurl = {http://adsabs.harvard.edu/abs/1996MNRAS.282..263E},
  adsnote = {Provided by the SAO/NASA Astrophysics Data System}
}


@ARTICLE{Law10,
   author = {{Law}, D.~R. and {Majewski}, S.~R.},
    title = "{The Sagittarius Dwarf Galaxy: A Model for Evolution in a Triaxial Milky Way Halo}",
  journal = {\apj},
archivePrefix = "arXiv",
   eprint = {1003.1132},
 keywords = {dark matter, galaxies: individual: Sagittarius, Galaxy: kinematics and dynamics, Galaxy: structure},
     year = 2010,
    month = may,
   volume = 714,
    pages = {229-254},
      doi = {10.1088/0004-637X/714/1/229},
   adsurl = {http://adsabs.harvard.edu/abs/2010ApJ...714..229L},
  adsnote = {Provided by the SAO/NASA Astrophysics Data System}
}


@ARTICLE{Law09,
   author = {{Law}, D.~R. and {Majewski}, S.~R. and {Johnston}, K.~V.},
    title = "{Evidence for a Triaxial Milky Way Dark Matter Halo from the Sagittarius Stellar Tidal Stream}",
  journal = {\apjl},
archivePrefix = "arXiv",
   eprint = {0908.3187},
 keywords = {Galaxy: halo, Galaxy: kinematics and dynamics, Galaxy: structure},
     year = 2009,
    month = sep,
   volume = 703,
    pages = {L67-L71},
      doi = {10.1088/0004-637X/703/1/L67},
   adsurl = {http://adsabs.harvard.edu/abs/2009ApJ...703L..67L},
  adsnote = {Provided by the SAO/NASA Astrophysics Data System}
}


@ARTICLE{Lee03,
   author = {{Lee}, J. and {Suto}, Y.},
    title = "{Modeling Intracluster Gas in Triaxial Dark Halos: An Analytic Approach}",
  journal = {\apj},
   eprint = {astro-ph/0211007},
 keywords = {Cosmology: Theory, Cosmology: Dark Matter, Galaxies: Clusters: General, X-Rays: Galaxies},
     year = 2003,
    month = mar,
   volume = 585,
    pages = {151-160},
      doi = {10.1086/345931},
   adsurl = {http://adsabs.harvard.edu/abs/2003ApJ...585..151L},
  adsnote = {Provided by the SAO/NASA Astrophysics Data System}
}

@ARTICLE{Hernquist90,
   author = {{Hernquist}, L.},
    title = "{An analytical model for spherical galaxies and bulges}",
  journal = {\apj},
 keywords = {Computational Astrophysics, Elliptical Galaxies, Galactic Bulge, Galactic Structure, Astronomical Models, Astronomical Photometry, Brightness Distribution, Distribution Functions},
     year = 1990,
    month = jun,
   volume = 356,
    pages = {359-364},
      doi = {10.1086/168845},
   adsurl = {http://adsabs.harvard.edu/abs/1990ApJ...356..359H},
  adsnote = {Provided by the SAO/NASA Astrophysics Data System}
}

@ARTICLE{Miyamoto75,
   author = {{Miyamoto}, M. and {Nagai}, R.},
    title = "{Three-dimensional models for the distribution of mass in galaxies}",
  journal = {\pasj},
 keywords = {Astronomical Models, Density Distribution, Galactic Structure, Mass Distribution, Potential Theory, Three Dimensional Models, Functions (Mathematics), Globular Clusters, Gravitational Effects, Mathematical Models, Milky Way Galaxy},
     year = 1975,
   volume = 27,
    pages = {533-543},
   adsurl = {http://adsabs.harvard.edu/abs/1975PASJ...27..533M},
  adsnote = {Provided by the SAO/NASA Astrophysics Data System}
}

@ARTICLE{vera13,
   author = {{Vera-Ciro}, C. and {Helmi}, A.},
    title = "{Constraints on the Shape of the Milky Way Dark Matter Halo from the Sagittarius Stream}",
  journal = {\apjl},
archivePrefix = "arXiv",
   eprint = {1304.4646},
 keywords = {galaxies: dwarf, galaxies: interactions, Galaxy: halo, Local Group },
     year = 2013,
    month = aug,
   volume = 773,
      eid = {L4},
    pages = {L4},
      doi = {10.1088/2041-8205/773/1/L4},
   adsurl = {http://adsabs.harvard.edu/abs/2013ApJ...773L...4V},
  adsnote = {Provided by the SAO/NASA Astrophysics Data System}
}


@ARTICLE{vandermarel12,
   author = {{van der Marel}, R.~P. and {Fardal}, M. and {Besla}, G. and 
	{Beaton}, R.~L. and {Sohn}, S.~T. and {Anderson}, J. and {Brown}, T. and 
	{Guhathakurta}, P.},
    title = "{The M31 Velocity Vector. II. Radial Orbit toward the Milky Way and Implied Local Group Mass}",
  journal = {\apj},
archivePrefix = "arXiv",
   eprint = {1205.6864},
 primaryClass = "astro-ph.GA",
 keywords = {galaxies: individual: M31, galaxies: kinematics and dynamics, Local Group, proper motions},
     year = 2012,
    month = jul,
   volume = 753,
      eid = {8},
    pages = {8},
      doi = {10.1088/0004-637X/753/1/8},
   adsurl = {http://adsabs.harvard.edu/abs/2012ApJ...753....8V},
  adsnote = {Provided by the SAO/NASA Astrophysics Data System}
}

@ARTICLE{bonaca14,
   author = {{Bonaca}, A. and {Geha}, M. and {K{\"u}pper}, A.~H.~W. and {Diemand}, J. and 
	{Johnston}, K.~V. and {Hogg}, D.~W.},
    title = "{Milky Way Mass and Potential Recovery Using Tidal Streams in a Realistic Halo}",
  journal = {\apj},
archivePrefix = "arXiv",
   eprint = {1406.6063},
 keywords = {dark matter, Galaxy: halo, Galaxy: structure},
     year = 2014,
    month = nov,
   volume = 795,
      eid = {94},
    pages = {94},
      doi = {10.1088/0004-637X/795/1/94},
   adsurl = {http://adsabs.harvard.edu/abs/2014ApJ...795...94B},
  adsnote = {Provided by the SAO/NASA Astrophysics Data System}
}


@ARTICLE{ibata01,
   author = {{Ibata}, R. and {Lewis}, G.~F. and {Irwin}, M. and {Totten}, E. and 
	{Quinn}, T.},
    title = "{Great Circle Tidal Streams: Evidence for a Nearly Spherical Massive Dark Halo around the Milky Way}",
  journal = {\apj},
   eprint = {astro-ph/0004011},
 keywords = {Galaxies: Kinematics and Dynamics, Galaxy: Formation, Galaxy: Halo, Galaxy: Kinematics and Dynamics, Galaxy: Structure, Galaxies: Local Group},
     year = 2001,
    month = apr,
   volume = 551,
    pages = {294-311},
      doi = {10.1086/320060},
   adsurl = {http://adsabs.harvard.edu/abs/2001ApJ...551..294I},
  adsnote = {Provided by the SAO/NASA Astrophysics Data System}
}



@ARTICLE{Fritz15,
   author = {{Fritz}, T.~K. and {Kallivayalil}, N.},
    title = "{The Proper Motion of Palomar 5}",
  journal = {\apj},
archivePrefix = "arXiv",
   eprint = {1508.06647},
 keywords = {Galaxy: fundamental parameters, globular clusters:
individual: Palomar 5, proper motions},
     year = 2015,
    month = oct,
   volume = 811,
      eid = {123},
    pages = {123},
      doi = {10.1088/0004-637X/811/2/123},
   adsurl = {http://adsabs.harvard.edu/abs/2015ApJ...811..123F},
  adsnote = {Provided by the SAO/NASA Astrophysics Data System}
}

